<record><leader>00000cas a2200000 i 4500</leader><controlfield tag="001">956782887</controlfield><controlfield tag="006">suu neo     0    0</controlfield><controlfield tag="007">cr bn|||||||||</controlfield><controlfield tag="008">160817d195u19uunyuuu neo     0   b0spa c</controlfield><datafield ind1=" " ind2=" " tag="010"><subfield code="a">  2016238298</subfield></datafield><datafield ind1=" " ind2=" " tag="040"><subfield code="a">IUL</subfield><subfield code="b">eng</subfield><subfield code="e">rda</subfield><subfield code="c">IUL</subfield><subfield code="d">IUL</subfield></datafield><datafield ind1=" " ind2=" " tag="042"><subfield code="a">pcc</subfield></datafield><datafield ind1=" " ind2=" " tag="043"><subfield code="a">n-us-ny</subfield><subfield code="a">nwpr---</subfield></datafield><datafield ind1="0" ind2=" " tag="130"><subfield code="a">Pip (New York)</subfield></datafield><datafield ind1="1" ind2="0" tag="245"><subfield code="a">Pip.</subfield></datafield><datafield ind1=" " ind2="0" tag="264"><subfield code="a">[Place of publication not identified] :</subfield><subfield code="b">Comite&#769; de Nueva York del Partido Independentista Puertorriquen&#771;o</subfield></datafield><datafield ind1=" " ind2=" " tag="300"><subfield code="a">1 online resource</subfield></datafield><datafield ind1=" " ind2=" " tag="336"><subfield code="a">text</subfield><subfield code="b">txt</subfield><subfield code="2">rdacontent</subfield></datafield><datafield ind1=" " ind2=" " tag="337"><subfield code="a">computer</subfield><subfield code="b">c</subfield><subfield code="2">rdamedia</subfield></datafield><datafield ind1=" " ind2=" " tag="338"><subfield code="a">online resource</subfield><subfield code="b">cr</subfield><subfield code="2">rdacarrier</subfield></datafield><datafield ind1="1" ind2=" " tag="362"><subfield code="a">Ceased.</subfield></datafield><datafield ind1=" " ind2=" " tag="500"><subfield code="a">"Organo de Comite&#769; de Nueva York del Partido Independentista Puertorriquen&#771;o."</subfield></datafield><datafield ind1=" " ind2=" " tag="588"><subfield code="a">Description based on: An&#771;o 1, no. 6 (agosto 1953); title from masthead.</subfield></datafield><datafield ind1=" " ind2="0" tag="651"><subfield code="a">Puerto Rico</subfield><subfield code="x">History</subfield><subfield code="v">Newspapers.</subfield></datafield><datafield ind1=" " ind2="0" tag="650"><subfield code="a">Puerto Ricans</subfield><subfield code="z">New York (State)</subfield><subfield code="z">New York</subfield><subfield code="v">Newspapers.</subfield></datafield><datafield ind1=" " ind2="7" tag="650"><subfield code="a">Autonomy and independence movements.</subfield><subfield code="2">fast</subfield><subfield code="0">(OCoLC)fst01736040</subfield></datafield><datafield ind1=" " ind2="7" tag="651"><subfield code="a">Puerto Rico.</subfield><subfield code="2">fast</subfield><subfield code="0">(OCoLC)fst01205432</subfield></datafield><datafield ind1=" " ind2="7" tag="655"><subfield code="a">History.</subfield><subfield code="2">fast</subfield><subfield code="0">(OCoLC)fst01411628</subfield></datafield><datafield ind1=" " ind2="7" tag="655"><subfield code="a">Periodicals.</subfield><subfield code="2">fast</subfield><subfield code="0">(OCoLC)fst01411641</subfield></datafield><datafield ind1="2" ind2=" " tag="710"><subfield code="a">Partido Independentista Puertorriquen&#771;o.</subfield><subfield code="b">Comite&#769; de Nueva York,</subfield><subfield code="e">issuing body.</subfield></datafield><datafield ind1=" " ind2=" " tag="752"><subfield code="a">United States</subfield><subfield code="b">New York</subfield><subfield code="c">New York</subfield><subfield code="d">New York.</subfield></datafield><datafield ind1="4" ind2="0" tag="856"><subfield code="u">http://infoweb.newsbank.com/?db=EANX&amp;s_browseRef=decades/11F5FC150C897BB6/all.xml</subfield></datafield></record>